@report{PhysRevLett.19.1264,
  title = {A Model of Leptons},
  author = {Weinberg, Steven},
  journal = {Phys. Rev. Lett.},
  volume = {19},
  issue = {21},
  pages = {1264--1266},
  numpages = {0},
  year = {1967},
  month = {Nov},
  publisher = {American Physical Society},
  doi = {10.1103/PhysRevLett.19.1264},
  url = {https://link.aps.org/doi/10.1103/PhysRevLett.19.1264}
}

@report{DRELL1971578,
title = {Partons and their applications at high energies},
journal = {Annals of Physics},
volume = {66},
number = {2},
pages = {578-623},
year = {1971},
issn = {0003-4916},
doi = {https://doi.org/10.1016/0003-4916(71)90071-6},
url = {https://www.sciencedirect.com/science/article/pii/0003491671900716},
author = {Sidney D Drell and Tung-Mow Yan},
abstract = {We discuss Feynman's parton model for deep inelastic weak or electromagnetic processes as an application of the impulse approximation to elementary particle interactions. The special features and conditions permitting this application are elaborated upon in some detail including the dependence of the parton model and the impulse treatment on an appropriate choice of coordinate frames and the role of the very soft or “wee” partons. Application of the parton model is made to the calculation of the cross section for massive lepton pair production in very high energy hadron-hadron collisions and compared with experiment. The conjectured role of light cone singularities in describing this and the other deep inelastic amplitudes is also discussed.}
}

@report{catani2000aspects,
      title={Aspects of QCD, from the Tevatron to the LHC}, 
      author={Stefano Catani},
      year={2000},
      eprint={hep-ph/0005233},
      url={https://arxiv.org/abs/hep-ph/0005233},
      archivePrefix={arXiv},
      primaryClass={hep-ph}
}

@report{kulesza2002electroweak,
      title={Electroweak vector boson production in joint resummation}, 
      author={A. Kulesza and G. Sterman and W. Vogelsang},
      year={2002},
      eprint={hep-ph/0207148},
      url={https://arxiv.org/abs/hep-ph/0207148},
      archivePrefix={arXiv},
      primaryClass={hep-ph}
}


@report{Campbell2006,
   title={Hard interactions of quarks and gluons: a primer for LHC physics},
   volume={70},
   ISSN={1361-6633},
   url={http://dx.doi.org/10.1088/0034-4885/70/1/R02},
   DOI={10.1088/0034-4885/70/1/r02},
   number={1},
   journal={Reports on Progress in Physics},
   publisher={IOP Publishing},
   author={Campbell, J M and Huston, J W and Stirling, W J},
   year={2006},
   month={Dec},
   pages={89–193} }
   
   
@report{Lipatov:400357,
      author        = "Lipatov, L N",
      title         = "{The parton model and perturbation theory}",
      journal       = "Sov. J. Nucl. Phys.",
      reportNumber  = "1",
      volume        = "20",
      pages         = "94-102",
      year          = "1975",
      url           = "http://cds.cern.ch/record/400357",
}

@report{Gribov:427157,
      author        = "Gribov, Vladimir Naumovich and Lipatov, L N",
      title         = "{Deep inelastic ep scattering in perturbation theory}",
      journal       = "Sov. J. Nucl. Phys.",
      reportNumber  = "4",
      volume        = "15",
      pages         = "438-450",
      year          = "1972",
      url           = "https://cds.cern.ch/record/427157",
}

@report{ALTARELLI1977298,
title = {Asymptotic freedom in parton language},
journal = {Nuclear Physics B},
volume = {126},
number = {2},
pages = {298-318},
year = {1977},
issn = {0550-3213},
doi = {https://doi.org/10.1016/0550-3213(77)90384-4},
url = {https://www.sciencedirect.com/science/article/pii/0550321377903844},
author = {G. Altarelli and G. Parisi},
abstract = {A novel derivation of the Q2 dependence of quark and gluon densities (of given helicity) as predicted by quantum chromodynamics is presented. The main body of predictions of the theory for deep-inleastic scattering on either unpolarized or polarized targets is re-obtained by a method which only makes use of the simplest tree diagrams and is entirely phrased in parton language with no reference to the conventional operator formalism.}
}

@report{Dokshitzer:1977sg,
    author = "Dokshitzer, Yuri L.",
    title = "{Calculation of the Structure Functions for Deep Inelastic Scattering and e+ e- Annihilation by Perturbation Theory in Quantum Chromodynamics.}",
    journal = "Sov. Phys. JETP",
    volume = "46",
    pages = "641--653",
    year = "1977"
}

@report{StirlingPrivate,
    author = "W.J. Stirling", 
    title = "{private communication}",
    url = {http://www.hep.ph.ic.ac.uk/~wstirlin/plots/plots.html}
}

@report{PhysRevBloch,
  title = {Note on the Radiation Field of the Electron},
  author = {Bloch, F. and Nordsieck, A.},
  journal = {Phys. Rev.},
  volume = {52},
  issue = {2},
  pages = {54--59},
  numpages = {0},
  year = {1937},
  month = {Jul},
  publisher = {American Physical Society},
  doi = {10.1103/PhysRev.52.54},
  url = {https://link.aps.org/doi/10.1103/PhysRev.52.54}
}

@report{KinoshitaToichiro,
author = {Kinoshita,Toichiro },
title = {Mass Singularities of Feynman Amplitudes},
journal = {Journal of Mathematical Physics},
volume = {3},
number = {4},
pages = {650-677},
year = {1962},
doi = {10.1063/1.1724268},
URL = {https://doi.org/10.1063/1.1724268},
eprint = {https://doi.org/10.1063/1.1724268}
}

@report{PhysRevLee,
  title = {Degenerate Systems and Mass Singularities},
  author = {Lee, T. D. and Nauenberg, M.},
  journal = {Phys. Rev.},
  volume = {133},
  issue = {6B},
  pages = {B1549--B1562},
  numpages = {0},
  year = {1964},
  month = {Mar},
  publisher = {American Physical Society},
  doi = {10.1103/PhysRev.133.B1549},
  url = {https://link.aps.org/doi/10.1103/PhysRev.133.B1549}
}

@report{PYTHIA2015,
   title={An introduction to PYTHIA 8.2},
   volume={191},
   ISSN={0010-4655},
   url={http://dx.doi.org/10.1016/j.cpc.2015.01.024},
   DOI={10.1016/j.cpc.2015.01.024},
   journal={Computer Physics Communications},
   publisher={Elsevier BV},
   author={Sjöstrand, Torbjörn and Ask, Stefan and Christiansen, Jesper R. and Corke, Richard and Desai, Nishita and Ilten, Philip and Mrenna, Stephen and Prestel, Stefan and Rasmussen, Christine O. and Skands, Peter Z.},
   year={2015},
   month={Jun},
   pages={159–177} 
}

@report{Herwig2008,
   title={Herwig++ physics and manual},
   volume={58},
   ISSN={1434-6052},
   url={http://dx.doi.org/10.1140/epjc/s10052-008-0798-9},
   DOI={10.1140/epjc/s10052-008-0798-9},
   number={4},
   journal={The European Physical Journal C},
   publisher={Springer Science and Business Media LLC},
   author={Bähr, Manuel and Gieseke, Stefan and Gigg, Martyn A. and Grellscheid, David and Hamilton, Keith and Latunde-Dada, Oluseyi and Plätzer, Simon and Richardson, Peter and Seymour, Michael H. and Sherstnev, Alexander and Webber, Bryan R.},
   year={2008},
   month={Nov},
   pages={639–707} }


@report{SHERPA2004,
   title={SHERPA 1. , a proof-of-concept version},
   volume={2004},
   ISSN={1029-8479},
   url={http://dx.doi.org/10.1088/1126-6708/2004/02/056},
   DOI={10.1088/1126-6708/2004/02/056},
   number={02},
   journal={Journal of High Energy Physics},
   publisher={Springer Science and Business Media LLC},
   author={Gleisberg, T and Hoeche, S and Krauss, F and Schaelicke, A and Schumann, S and Winter, J},
   year={2004},
   month={Feb},
   pages={056–056} }


@report{SIEGERTthesis,
    author={FRANK SIEGERT},
    title={Monte-Carlo event generation for the LHC},
    year={2010}, 
    institution={Durham theses, Durham University},
url={http://etheses.dur.ac.uk/484/}
}

@misc{LesHouchesAccord,
      title={Generic User Process Interface for Event Generators}, 
      author={E. Boos and M. Dobbs and W. Giele and I. Hinchliffe and J. Huston and V. Ilyin and J. Kanzaki and K. Kato and Y. Kurihara and L. Lonnblad and M. Mangano and S. Mrenna and F. Paige and E. Richter-Was and M. Seymour and T. Sjostrand and B. Webber and D. Zeppenfeld},
      year={2001},
      eprint={hep-ph/0109068},
      archivePrefix={arXiv},
      primaryClass={hep-ph}
}

@article{CKKW2001,
   title={QCD Matrix Elements + Parton Showers},
   volume={2001},
   ISSN={1029-8479},
   url={http://dx.doi.org/10.1088/1126-6708/2001/11/063},
   DOI={10.1088/1126-6708/2001/11/063},
   number={11},
   journal={Journal of High Energy Physics},
   publisher={Springer Science and Business Media LLC},
   author={Catani, Stefano and Krauss, Frank and Webber, Bryan R and Kuhn, Ralf},
   year={2001},
   month={Nov},
   pages={063–063} 
}

@article{FxFx1,
   title={Matching NLO QCD computations and parton shower simulations},
   volume={2002},
   ISSN={1029-8479},
   url={http://dx.doi.org/10.1088/1126-6708/2002/06/029},
   DOI={10.1088/1126-6708/2002/06/029},
   number={06},
   journal={Journal of High Energy Physics},
   publisher={Springer Science and Business Media LLC},
   author={Frixione, Stefano and Webber, Bryan R},
   year={2002},
   month={Jun},
   pages={029–029} }

@article{FxFx2,
   title={Matching NLO QCD and parton showers in heavy flavour production},
   volume={2003},
   ISSN={1029-8479},
   url={http://dx.doi.org/10.1088/1126-6708/2003/08/007},
   DOI={10.1088/1126-6708/2003/08/007},
   number={08},
   journal={Journal of High Energy Physics},
   publisher={Springer Science and Business Media LLC},
   author={Frixione, Stefano and Nason, Paolo and Webber, Bryan R},
   year={2003},
   month={Aug},
   pages={007–007} }
   
@misc{FxFx3,
      title={The MC@NLO 3.1 Event Generator}, 
      author={Stefano Frixione and Bryan R. Webber},
      year={2005},
      eprint={hep-ph/0506182},
      archivePrefix={arXiv},
      primaryClass={hep-ph}
}

@article{NNPDF3.1,
   title={Parton distributions from high-precision collider data},
   volume={77},
   ISSN={1434-6052},
   url={http://dx.doi.org/10.1140/epjc/s10052-017-5199-5},
   DOI={10.1140/epjc/s10052-017-5199-5},
   number={10},
   journal={The European Physical Journal C},
   publisher={Springer Science and Business Media LLC},
   author={Ball, Richard D. and Bertone, Valerio and Carrazza, Stefano and Debbio, Luigi Del and Forte, Stefano and Groth-Merrild, Patrick and Guffanti, Alberto and Hartland, Nathan P. and Kassabov, Zahari and Latorre, José I. and Nocera, Emanuele R. and Rojo, Juan and Rottoli, Luca and Slade, Emma and Ubiali, Maria},
   year={2017},
   month={Oct} }


   
   
